@article{Liu2021-bib,
  author       = {Liu, Y. and Schrinner, S. and others},
  title        = {GPU Acceleration in Genomics: A Comprehensive Survey},
  journal      = {Briefings in Bioinformatics},
  year         = {2021},
  volume       = {22},
  number       = {5},
  pages        = {bbab042},
  doi          = {10.1093/bib/bbab042},
}

@misc{W3C2024-webgpu,
  author       = {{W3C}},
  title        = {WebGPU Specification},
  howpublished = {W3C Recommendation},
  year         = {2024},
  url          = {https://www.w3.org/TR/webgpu/},
}

@misc{Chou2024-github,
  author       = {Chou, Y.-C.},
  title        = {Pair-HMM Forward: Reference \& GPU-Accelerated Implementations – A GPU-Based Approach to Accelerate the Pair Hidden Markov Model Forward Algorithm for DNA Sequence Profile Alignment},
  year         = {2024},
  note         = {[GitHub repository]},
  url          = {https://github.com/yuchen0620/ChouYuchen-master-thesis},
}

@book{Durbin1998,
  author    = {Durbin, R. and Eddy, S.~R. and Krogh, A. and Mitchison, G.},
  title     = {Biological Sequence Analysis: Probabilistic Models of Proteins and Nucleic Acids},
  publisher = {Cambridge University Press},
  year      = {1998},
}

@article{Mardis2017,
  author  = {Mardis, E.~R.},
  title   = {DNA Sequencing Technologies: 2006–2016},
  journal = {Nature Protocols},
  year    = {2017},
  volume  = {12},
  number  = {2},
  pages   = {213–218},
  doi     = {10.1038/nprot.2016.182},
}

@article{McKenna2010,
  author  = {McKenna, A. and others},
  title   = {The Genome Analysis Toolkit: A MapReduce Framework for Analyzing Next-Generation DNA Sequencing Data},
  journal = {Genome Research},
  year    = {2010},
  volume  = {20},
  number  = {9},
  pages   = {1297–1303},
  doi     = {10.1101/gr.107524.110},
}

@article{Li2009,
  author  = {Li, H. and others},
  title   = {The Sequence Alignment/Map Format and SAMtools},
  journal = {Bioinformatics},
  year    = {2009},
  volume  = {25},
  number  = {16},
  pages   = {2078–2079},
  doi     = {10.1093/bioinformatics/btp352},
}

@inproceedings{Vasimuddin2019,
  author    = {Vasimuddin, M. and Misra, S. and Li, H. and Aluru, S.},
  title     = {Efficient Architecture-Aware Acceleration of BWA-MEM for Multicore Systems},
  booktitle = {Proceedings of IEEE IPDPS},
  year      = {2019},
  pages     = {314–324},
  doi       = {10.1109/IPDPS.2019.00041},
}

@inproceedings{Banerjee2017,
  author    = {Banerjee, S.~S. and others},
  title     = {Hardware Acceleration of the Pair-HMM Algorithm for DNA Variant Calling},
  booktitle = {Proc.\ 27th FPL},
  year      = {2017},
  pages     = {165–172},
  doi       = {10.23919/FPL.2017.8056826},
}

@misc{Chrome2024-blog,
  author       = {{Google Chrome Developers}},
  title        = {WebGPU Now Available in Chrome},
  howpublished = {Chromium Blog},
  year         = {2024},
  url          = {https://blog.chromium.org/2024/05/webgpu-now-available.html},
}

@manual{NVIDIA2023-cudaguide,
  author = {{NVIDIA Corporation}},
  title  = {CUDA C++ Programming Guide v12.4},
  year   = {2023},
  url    = {https://docs.nvidia.com/cuda/cuda-c-programming-guide},
}

@article{Ghosh2018,
  author  = {Ghosh, P. and others},
  title   = {Web3DMol: Interactive Protein Structure Visualization Based on WebGL},
  journal = {Bioinformatics},
  year    = {2018},
  volume  = {34},
  number  = {13},
  pages   = {2275–2277},
  doi     = {10.1093/bioinformatics/bty534},
}

@misc{ChromeTeam2024-recap,
  author       = {{Google Chrome Team}},
  title        = {Chrome's 2024 Recap for Devs: Re-imagining the Web with AI},
  howpublished = {Chrome for Developers Blog},
  year         = {2024},
  url          = {https://developer.chrome.com/blog/chrome-2024-recap},
}

@misc{Illumina2024-novaseqx,
  author = {{Illumina}},
  title  = {NovaSeq X Series Reagent Kits – Specifications},
  year   = {2024},
  url    = {https://www.illumina.com/systems/sequencing-platforms/novaseq-x-plus/specifications.html},
}

@misc{Jones2023-toji,
  author = {Jones, B.},
  title  = {Toji.dev Blog Series: WebGPU Best Practices},
  year   = {2023},
  url    = {https://toji.dev/webgpu-best-practices/},
}

@article{Klockner2012,
  author  = {Klöckner, A. and Pinto, N. and Lee, Y. and Catanzaro, B. and Ivanov, P. and Fasih, A.},
  title   = {PyCUDA and PyOpenCL: A Scripting-Based Approach to GPU Run-Time Code Generation},
  journal = {Parallel Computing},
  year    = {2012},
  volume  = {38},
  number  = {3},
  pages   = {157–174},
  doi     = {10.1016/j.parco.2011.09.001},
}

@article{Krampis2012,
  author  = {Krampis, K. and Booth, T. and Chapman, B. and others},
  title   = {Cloud BioLinux: Pre-configured and On-Demand Bioinformatics Computing for the Genomics Community},
  journal = {BMC Bioinformatics},
  year    = {2012},
  volume  = {13},
  pages   = {42},
  doi     = {10.1186/1471-2105-13-42},
}

@article{Langmead2009,
  author  = {Langmead, B. and Trapnell, C. and Pop, M. and Salzberg, S.~L.},
  title   = {Ultrafast and Memory-Efficient Alignment of Short DNA Sequences to the Human Genome},
  journal = {Genome Biology},
  year    = {2009},
  volume  = {10},
  number  = {3},
  pages   = {R25},
  doi     = {10.1186/gb-2009-10-3-r25},
}

@article{LiDurbin2010,
  author  = {Li, H. and Durbin, R.},
  title   = {Fast and Accurate Long-Read Alignment with Burrows–Wheeler Transform},
  journal = {Bioinformatics},
  year    = {2010},
  volume  = {26},
  number  = {5},
  pages   = {589–595},
  doi     = {10.1093/bioinformatics/btq698},
}

@article{LiuWirawan2013,
  author  = {Liu, Y. and Wirawan, A. and Schmidt, B.},
  title   = {CUDASW++ 3.0: Accelerating Smith–Waterman Protein Database Search by Coupling CPU and GPU SIMD Instructions},
  journal = {BMC Bioinformatics},
  year    = {2013},
  volume  = {14},
  pages   = {117},
  doi     = {10.1186/1471-2105-14-117},
}

@misc{MDN2025-webgpuapi,
  author = {{MDN Web Docs}},
  title  = {WebGPU API},
  year   = {2025},
  url    = {https://developer.mozilla.org/en-US/docs/Web/API/WebGPU_API},
}

@article{Schmidt2024-gpuPairHMM,
  author  = {Schmidt, B. and others},
  title   = {gpuPairHMM: High-Speed Pair-HMM Forward Algorithm for DNA Variant Calling on GPUs},
  journal = {arXiv preprint},
  year    = {2024},
  volume  = {arXiv:2411.11547},
  url     = {https://arxiv.org/abs/2411.11547},
}

@article{Stone2010-opencl,
  author  = {Stone, J.~E. and Gohara, D. and Shi, G.},
  title   = {OpenCL: A Parallel Programming Standard for Heterogeneous Computing Systems},
  journal = {Computing in Science \& Engineering},
  year    = {2010},
  volume  = {12},
  number  = {3},
  pages   = {66–73},
  doi     = {10.1109/MCSE.2010.69},
}

@misc{TensorFlowJS2024-webgpu,
  author = {{TensorFlow.js Team}},
  title  = {WebGPU Backend for TensorFlow.js},
  year   = {2024},
  url    = {https://www.tensorflow.org/js/guide/webgpu},
}

@misc{W3C2024-CRwebgpu,
  author       = {{W3C}},
  title        = {WebGPU Specification: Candidate Recommendation Snapshot},
  howpublished = {W3C Candidate Recommendation},
  year         = {2024},
  url          = {https://www.w3.org/TR/2024/CR-webgpu-20241219/},
}

@misc{Illumina2024-xplus,
  author = {{Illumina}},
  title  = {NovaSeq X Plus Specification Sheet},
  year   = {2024},
  note   = {Technical white paper},
  url    = {https://www.illumina.com/content/dam/illumina-marketing/documents/products/datasheets/novaseq-x-plus-specifications.pdf},
}

@inproceedings{Ferragina2000,
  author    = {Ferragina, P. and Manzini, G.},
  title     = {Opportunistic Data Structures with Applications},
  booktitle = {Proc. 41st IEEE FOCS},
  year      = {2000},
  pages     = {390–398},
  doi       = {10.1109/SFCS.2000.892127},
}

@misc{Xenova2024-transformersjs,
  author = {{Xenova}},
  title  = {Transformers.js: Running Transformer Models Directly in the Browser},
  year   = {2024},
  url    = {https://github.com/xenova/transformers.js},
}

@misc{NVIDIA2019-rtx2070,
  author = {{NVIDIA}},
  title  = {GeForce RTX 2070 SUPER Founders Edition Specifications},
  year   = {2019},
  howpublished = {Product brief},
  url    = {https://www.nvidia.com/en-us/geforce/graphics-cards/rtx-2070-super/specs},
}

@misc{Apple2020-m1,
  author = {{Apple}},
  title  = {Apple M1 Chip — Technical Overview},
  year   = {2020},
  howpublished = {Apple Developer Documentation},
  url    = {https://developer.apple.com/documentation/apple_silicon/apple_m1},
}

@misc{Intel2018-uhd620,
  author = {{Intel}},
  title  = {Intel UHD Graphics 620 — Product Specifications},
  year   = {2018},
  howpublished = {Intel ARK},
  url    = {https://ark.intel.com/content/www/us/en/ark/products/126789},
}

@misc{Apple2023-m2max,
  author = {{Apple}},
  title  = {Apple M2 Max Chip — Technical Overview},
  year   = {2023},
  howpublished = {Apple Developer Documentation},
  url    = {https://developer.apple.com/documentation/apple_silicon/apple_m2_max},
}

@misc{MDN2023-simd,
  author = {{MDN Web Docs}},
  title  = {WebAssembly SIMD},
  year   = {2023},
  url    = {https://developer.mozilla.org/en-US/docs/WebAssembly/SIMD},
}
